% This file was created with JabRef 2.10.
% Encoding: UTF-8


@Book{tensorflowstarted,
  Title                    = {Getting Started with Tensorflow},
  Author                   = {Giancarlo Zaccone},
  Publisher                = {Packt Publishing},
  Year                     = {2016},

  Owner                    = {budi},
  Timestamp                = {2017.12.09}
}

